%% List of Papers %%

@ARTICLE{2013arXiv1304.0670L,
   author = {{LIGO Scientific Collaboration} and {Virgo Collaboration} and 
	{Aasi}, J. and {Abadie}, J. and {Abbott}, B.~P. and {Abbott}, R. and 
	{Abbott}, T.~D. and {Abernathy}, M. and {Accadia}, T. and {Acernese}, F. and et al.},
    title = "{Prospects for Localization of Gravitational Wave Transients by the Advanced LIGO and Advanced Virgo Observatories}",
  journal = {ArXiv e-prints},
archivePrefix = "arXiv",
   eprint = {1304.0670},
 primaryClass = "gr-qc",
 keywords = {General Relativity and Quantum Cosmology, Astrophysics - High Energy Astrophysical Phenomena},
     year = 2013,
    month = apr,
   adsurl = {http://adsabs.harvard.edu/abs/2013arXiv1304.0670L},
  adsnote = {Provided by the SAO/NASA Astrophysics Data System}
}

@ARTICLE{2014ApJ...795..105S,
   author = {{Singer}, L.~P. and {Price}, L.~R. and {Farr}, B. and {Urban}, A.~L. and 
	{Pankow}, C. and {Vitale}, S. and {Veitch}, J. and {Farr}, W.~M. and 
	{Hanna}, C. and {Cannon}, K. and {Downes}, T. and {Graff}, P. and 
	{Haster}, C.-J. and {Mandel}, I. and {Sidery}, T. and {Vecchio}, A.
	},
    title = "{The First Two Years of Electromagnetic Follow-up with Advanced LIGO and Virgo}",
  journal = {\apj},
archivePrefix = "arXiv",
   eprint = {1404.5623},
 primaryClass = "astro-ph.HE",
 keywords = {gravitational waves, stars: neutron, surveys },
     year = 2014,
    month = nov,
   volume = 795,
      eid = {105},
    pages = {105},
      doi = {10.1088/0004-637X/795/2/105},
   adsurl = {http://adsabs.harvard.edu/abs/2014ApJ...795..105S},
  adsnote = {Provided by the SAO/NASA Astrophysics Data System}
}

@article{0264-9381-27-17-173001,
	Author = {J Abadie and B P Abbott and R Abbott and M Abernathy and T Accadia and F Acernese and C Adams and R Adhikari and P Ajith and B Allen and G Allen and E Amador Ceron and R S Amin and S B Anderson and W G Anderson and F Antonucci and S Aoudia and M A Arain and M Araya and M Aronsson and K G Arun and Y Aso and S Aston and P Astone and D E Atkinson and P Aufmuth and C Aulbert and S Babak and P Baker and G Ballardin and S Ballmer and D Barker and S Barnum and F Barone and B Barr and P Barriga and L Barsotti and M Barsuglia and M A Barton and I Bartos and R Bassiri and M Bastarrika and J Bauchrowitz and Th S Bauer and B Behnke and M G Beker and M Benacquista and A Bertolini and J Betzwieser and N Beveridge and P T Beyersdorf and S Bigotta and I A Bilenko and G Billingsley and J Birch and S Birindelli and R Biswas and M Bitossi and M A Bizouard and E Black and J K Blackburn and L Blackburn and D Blair and B Bland and M Blom and A Blomberg and C Boccara and O Bock and T P Bodiya and R Bondarescu and F Bondu and L Bonelli and R Bork and M Born and S Bose and L Bosi and M Boyle and S Braccini and C Bradaschia and P R Brady and V B Braginsky and J E Brau and J Breyer and D O Bridges and A Brillet and M Brinkmann and V Brisson and M Britzger and A F Brooks and D A Brown and R Budzy{\'n}ski and T Bulik and H J Bulten and A Buonanno and J Burguet-Castell and O Burmeister and D Buskulic and R L Byer and L Cadonati and G Cagnoli and E Calloni and J B Camp and E Campagna and P Campsie and J Cannizzo and K C Cannon and B Canuel and J Cao and C Capano and F Carbognani and S Caride and S Caudill and M Cavagli{\`a} and F Cavalier and R Cavalieri and G Cella and C Cepeda and E Cesarini and T Chalermsongsak and E Chalkley and P Charlton and E Chassande Mottin and S Chelkowski and Y Chen and A Chincarini and N Christensen and S S Y Chua and C T Y Chung and D Clark and J Clark and J H Clayton and F Cleva and E Coccia and C N Colacino and J Colas and A Colla and M Colombini and R Conte and D Cook and T R Corbitt and C Corda and N Cornish and A Corsi and C A Costa and J P Coulon and D Coward and D C Coyne and J D E Creighton and T D Creighton and A M Cruise and R M Culter and A Cumming and L Cunningham and E Cuoco and K Dahl and S L Danilishin and R Dannenberg and S D'Antonio and K Danzmann and A Dari and K Das and V Dattilo and B Daudert and M Davier and G Davies and A Davis and E J Daw and R Day and T Dayanga and R De Rosa and D DeBra and J Degallaix and M del Prete and V Dergachev and R DeRosa and R DeSalvo and P Devanka and S Dhurandhar and L Di Fiore and A Di Lieto and I Di Palma and M Di Paolo Emilio and A Di Virgilio and M D{\'\i}az and A Dietz and F Donovan and K L Dooley and E E Doomes and S Dorsher and E S D Douglas and M Drago and R W P Drever and J C Driggers and J Dueck and J C Dumas and T Eberle and M Edgar and M Edwards and A Effler and P Ehrens and R Engel and T Etzel and M Evans and T Evans and V Fafone and S Fairhurst and Y Fan and B F Farr and D Fazi and H Fehrmann and D Feldbaum and I Ferrante and F Fidecaro and L S Finn and I Fiori and R Flaminio and M Flanigan and K Flasch and S Foley and C Forrest and E Forsi and N Fotopoulos and J D Fournier and J Franc and S Frasca and F Frasconi and M Frede and M Frei and Z Frei and A Freise and R Frey and T T Fricke and D Friedrich and P Fritschel and V V Frolov and P Fulda and M Fyffe and L Gammaitoni and J A Garofoli and F Garufi and G Gemme and E Genin and A Gennai and I Gholami and S Ghosh and J A Giaime and S Giampanis and K D Giardina and A Giazotto and C Gill and E Goetz and L M Goggin and G Gonz{\'a}lez and M L Gorodetsky and S Go{\ss}ler and R Gouaty and C Graef and M Granata and A Grant and S Gras and C Gray and R J S Greenhalgh and A M Gretarsson and C Greverie and R Grosso and H Grote and S Grunewald and G M Guidi and E K Gustafson and R Gustafson and B Hage and P Hall and J M Hallam and D Hammer and G Hammond and J Hanks and C Hanna and J Hanson and J Harms and G M Harry and I W Harry and E D Harstad and K Haughian and K Hayama and J Heefner and H Heitmann and P Hello and I S Heng and A Heptonstall and M Hewitson and S Hild and E Hirose and D Hoak and K A Hodge and K Holt and D J Hosken and J Hough and E Howell and D Hoyland and D Huet and B Hughey and S Husa and S H Huttner and T Huynh-Dinh and D R Ingram and R Inta and T Isogai and A Ivanov and P Jaranowski and W W Johnson and D I Jones and G Jones and R Jones and L Ju and P Kalmus and V Kalogera and S Kandhasamy and J Kanner and E Katsavounidis and K Kawabe and S Kawamura and F Kawazoe and W Kells and D G Keppel and A Khalaidovski and F Y Khalili and E A Khazanov and C Kim and H Kim and P J King and D L Kinzel and J S Kissel and S Klimenko and V Kondrashov and R Kopparapu and S Koranda and I Kowalska and D Kozak and T Krause and V Kringel and S Krishnamurthy and B Krishnan and A Kr{\'o}lak and G Kuehn and J Kullman and R Kumar and P Kwee and M Landry and M Lang and B Lantz and N Lastzka and A Lazzarini and P Leaci and J Leong and I Leonor and N Leroy and N Letendre and J Li and T G F Li and H Lin and P E Lindquist and N A Lockerbie and D Lodhia and M Lorenzini and V Loriette and M Lormand and G Losurdo and P Lu and J Luan and M Lubinski and A Lucianetti and H L{\"u}ck and A Lundgren and B Machenschalk and M MacInnis and J M Mackowski and M Mageswaran and K Mailand and E Majorana and C Mak and N Man and I Mandel and V Mandic and M Mantovani and F Marchesoni and F Marion and S M{\'a}rka and Z M{\'a}rka and E Maros and J Marque and F Martelli and I W Martin and R M Martin and J N Marx and K Mason and A Masserot and F Matichard and L Matone and R A Matzner and N Mavalvala and R McCarthy and D E McClelland and S C McGuire and G McIntyre and G McIvor and D J A McKechan and G Meadors and M Mehmet and T Meier and A Melatos and A C Melissinos and G Mendell and D F Men{\'e}ndez and R A Mercer and L Merill and S Meshkov and C Messenger and M S Meyer and H Miao and C Michel and L Milano and J Miller and Y Minenkov and Y Mino and S Mitra and V P Mitrofanov and G Mitselmakher and R Mittleman and B Moe and M Mohan and S D Mohanty and S R P Mohapatra and D Moraru and J Moreau and G Moreno and N Morgado and A Morgia and T Morioka and K Mors and S Mosca and V Moscatelli and K Mossavi and B Mours and C MowLowry and G Mueller and S Mukherjee and A Mullavey and H M{\"u}ller-Ebhardt and J Munch and P G Murray and T Nash and R Nawrodt and J Nelson and I Neri and G Newton and A Nishizawa and F Nocera and D Nolting and E Ochsner and J O'Dell and G H Ogin and R G Oldenburg and B O'Reilly and R O'Shaughnessy and C Osthelder and D J Ottaway and R S Ottens and H Overmier and B J Owen and A Page and G Pagliaroli and L Palladino and C Palomba and Y Pan and C Pankow and F Paoletti and M A Papa and S Pardi and M Pareja and M Parisi and A Pasqualetti and R Passaquieti and D Passuello and P Patel and M Pedraza and L Pekowsky and S Penn and C Peralta and A Perreca and G Persichetti and M Pichot and M Pickenpack and F Piergiovanni and M Pietka and L Pinard and I M Pinto and M Pitkin and H J Pletsch and M V Plissi and R Poggiani and F Postiglione and M Prato and V Predoi and L R Price and M Prijatelj and M Principe and S Privitera and R Prix and G A Prodi and L Prokhorov and O Puncken and M Punturo and P Puppo and V Quetschke and F J Raab and O Rabaste and D S Rabeling and T Radke and H Radkins and P Raffai and M Rakhmanov and B Rankins and P Rapagnani and V Raymond and V Re and C M Reed and T Reed and T Regimbau and S Reid and D H Reitze and F Ricci and R Riesen and K Riles and P Roberts and N A Robertson and F Robinet and C Robinson and E L Robinson and A Rocchi and S Roddy and C R{\"o}ver and S Rogstad and L Rolland and J Rollins and J D Romano and R Romano and J H Romie and D Rosi{\'n}ska and S Rowan and A R{\"u}diger and P Ruggi and K Ryan and S Sakata and M Sakosky and F Salemi and L Sammut and L Sancho de la Jordana and V Sandberg and V Sannibale and L Santamar{\'\i}a and G Santostasi and S Saraf and B Sassolas and B S Sathyaprakash and S Sato and M Satterthwaite and P R Saulson and R Savage and R Schilling and R Schnabel and R Schofield and B Schulz and B F Schutz and P Schwinberg and J Scott and S M Scott and A C Searle and F Seifert and D Sellers and A S Sengupta and D Sentenac and A Sergeev and D A Shaddock and B Shapiro and P Shawhan and D H Shoemaker and A Sibley and X Siemens and D Sigg and A Singer and A M Sintes and G Skelton and B J J Slagmolen and J Slutsky and J R Smith and M R Smith and N D Smith and K Somiya and B Sorazu and F C Speirits and A J Stein and L C Stein and S Steinlechner and S Steplewski and A Stochino and R Stone and K A Strain and S Strigin and A Stroeer and R Sturani and A L Stuver and T Z Summerscales and M Sung and S Susmithan and P J Sutton and B Swinkels and D Talukder and D B Tanner and S P Tarabrin and J R Taylor and R Taylor and P Thomas and K A Thorne and K S Thorne and E Thrane and A Th{\"u}ring and C Titsler and K V Tokmakov and A Toncelli and M Tonelli and C Torres and C I Torrie and E Tournefier and F Travasso and G Traylor and M Trias and J Trummer and K Tseng and D Ugolini and K Urbanek and H Vahlbruch and B Vaishnav and G Vajente and M Vallisneri and J F J van den Brand and C Van Den Broeck and S van der Putten and M V van der Sluys and A A van Veggel and S Vass and R Vaulin and M Vavoulidis and A Vecchio and G Vedovato and J Veitch and P J Veitch and C Veltkamp and D Verkindt and F Vetrano and A Vicer{\'e} and A Villar and J-Y Vinet and H Vocca and C Vorvick and S P Vyachanin and S J Waldman and L Wallace and A Wanner and R L Ward and M Was and P Wei and M Weinert and A J Weinstein and R Weiss and L Wen and S Wen and P Wessels and M West and T Westphal and K Wette and J T Whelan and S E Whitcomb and D J White and B F Whiting and C Wilkinson and P A Willems and L Williams and B Willke and L Winkelmann and W Winkler and C C Wipf and A G Wiseman and G Woan and R Wooley and J Worden and I Yakushin and H Yamamoto and K Yamamoto and D Yeaton-Massey and S Yoshida and P P Yu and M Yvert and M Zanolin and L Zhang and Z Zhang and C Zhao and N Zotov and M E Zucker and J Zweizig and The LIGO Scientific Collaboration and the Virgo Collaboration and K Belczynski},
	Journal = {Classical and Quantum Gravity},
	Number = {17},
	Pages = {173001},
	Title = {Predictions for the rates of compact binary coalescences observable by ground-based gravitational-wave detectors},
	Url = {http://stacks.iop.org/0264-9381/27/i=17/a=173001},
	Volume = {27},
	Year = {2010},
	Bdsk-Url-1 = {http://stacks.iop.org/0264-9381/27/i=17/a=173001}
}


@ARTICLE{1989Natur.340..126E,
   author = {{Eichler}, D. and {Livio}, M. and {Piran}, T. and {Schramm}, D.~N.
	},
    title = "{Nucleosynthesis, neutrino bursts and gamma-rays from coalescing neutron stars}",
  journal = {\nat},
 keywords = {Gamma Ray Bursts, Neutrinos, Neutron Stars, Nuclear Fusion, Binary Stars, Gravitational Effects, Gravity Waves, Hubble Constant, Pulsars},
     year = 1989,
    month = jul,
   volume = 340,
    pages = {126-128},
      doi = {10.1038/340126a0},
   adsurl = {http://adsabs.harvard.edu/abs/1989Natur.340..126E},
  adsnote = {Provided by the SAO/NASA Astrophysics Data System}
}

@ARTICLE{1992ApJ...395L..83N,
   author = {{Narayan}, R. and {Paczynski}, B. and {Piran}, T.},
    title = "{Gamma-ray bursts as the death throes of massive binary stars}",
  journal = {\apjl},
   eprint = {astro-ph/9204001},
 keywords = {Binary Stars, Black Holes (Astronomy), Gamma Ray Bursts, Massive Stars, Neutron Stars, Computational Astrophysics, Electron-Positron Pairs, Gravitational Waves, Neutrinos, Stellar Magnetic Fields, Stellar Models},
     year = 1992,
    month = aug,
   volume = 395,
    pages = {L83-L86},
      doi = {10.1086/186493},
   adsurl = {http://adsabs.harvard.edu/abs/1992ApJ...395L..83N},
  adsnote = {Provided by the SAO/NASA Astrophysics Data System}
}

@ARTICLE{1998ApJ...507L..59L,
   author = {{Li}, L.-X. and {Paczy{\'n}ski}, B.},
    title = "{Transient Events from Neutron Star Mergers}",
  journal = {\apjl},
   eprint = {astro-ph/9807272},
 keywords = {STARS: BINARIES: CLOSE, GAMMA RAYS: BURSTS, STARS: NEUTRON, STARS: SUPERNOVAE: GENERAL, Stars: Binaries: Close, Gamma Rays: Bursts, Stars: Neutron, Stars: Supernovae: General},
     year = 1998,
    month = nov,
   volume = 507,
    pages = {L59-L62},
      doi = {10.1086/311680},
   adsurl = {http://adsabs.harvard.edu/abs/1998ApJ...507L..59L},
  adsnote = {Provided by the SAO/NASA Astrophysics Data System}
}

@ARTICLE{2005astro.ph.10256K,
   author = {{Kulkarni}, S.~R.},
    title = "{Modeling Supernova-like Explosions Associated with Gamma-ray Bursts with Short Durations}",
  journal = {ArXiv Astrophysics e-prints},
   eprint = {astro-ph/0510256},
 keywords = {Astrophysics},
     year = 2005,
    month = oct,
   adsurl = {http://adsabs.harvard.edu/abs/2005astro.ph.10256K},
  adsnote = {Provided by the SAO/NASA Astrophysics Data System}
}

@ARTICLE{2012ApJ...746...48M,
   author = {{Metzger}, B.~D. and {Berger}, E.},
    title = "{What is the Most Promising Electromagnetic Counterpart of a Neutron Star Binary Merger?}",
  journal = {\apj},
archivePrefix = "arXiv",
   eprint = {1108.6056},
 primaryClass = "astro-ph.HE",
 keywords = {gamma-ray burst: general, gravitational waves, stars: neutron, surveys},
     year = 2012,
    month = feb,
   volume = 746,
      eid = {48},
    pages = {48},
      doi = {10.1088/0004-637X/746/1/48},
   adsurl = {http://adsabs.harvard.edu/abs/2012ApJ...746...48M},
  adsnote = {Provided by the SAO/NASA Astrophysics Data System}
}

@ARTICLE{2014ARA&A..52...43B,
   author = {{Berger}, E.},
    title = "{Short-Duration Gamma-Ray Bursts}",
  journal = {\araa},
archivePrefix = "arXiv",
   eprint = {1311.2603},
 primaryClass = "astro-ph.HE",
     year = 2014,
    month = aug,
   volume = 52,
    pages = {43-105},
      doi = {10.1146/annurev-astro-081913-035926},
   adsurl = {http://adsabs.harvard.edu/abs/2014ARA%26A..52...43B},
  adsnote = {Provided by the SAO/NASA Astrophysics Data System}
}

@ARTICLE{2013Natur.500..547T,
   author = {{Tanvir}, N.~R. and {Levan}, A.~J. and {Fruchter}, A.~S. and 
	{Hjorth}, J. and {Hounsell}, R.~A. and {Wiersema}, K. and {Tunnicliffe}, R.~L.
	},
    title = "{A `kilonova' associated with the short-duration {$\gamma$}-ray burst GRB 130603B}",
  journal = {\nat},
archivePrefix = "arXiv",
   eprint = {1306.4971},
 primaryClass = "astro-ph.HE",
     year = 2013,
    month = aug,
   volume = 500,
    pages = {547-549},
      doi = {10.1038/nature12505},
   adsurl = {http://adsabs.harvard.edu/abs/2013Natur.500..547T},
  adsnote = {Provided by the SAO/NASA Astrophysics Data System}
}

@ARTICLE{2011ApJ...738..138R,
   author = {{Racusin}, J.~L. and {Oates}, S.~R. and {Schady}, P. and {Burrows}, D.~N. and 
	{de Pasquale}, M. and {Donato}, D. and {Gehrels}, N. and {Koch}, S. and 
	{McEnery}, J. and {Piran}, T. and {Roming}, P. and {Sakamoto}, T. and 
	{Swenson}, C. and {Troja}, E. and {Vasileiou}, V. and {Virgili}, F. and 
	{Wanderman}, D. and {Zhang}, B.},
    title = "{Fermi and Swift Gamma-ray Burst Afterglow Population Studies}",
  journal = {\apj},
archivePrefix = "arXiv",
   eprint = {1106.2469},
 primaryClass = "astro-ph.HE",
 keywords = {gamma-ray burst: general, gamma rays: general, X-rays: bursts},
     year = 2011,
    month = sep,
   volume = 738,
      eid = {138},
    pages = {138},
      doi = {10.1088/0004-637X/738/2/138},
   adsurl = {http://adsabs.harvard.edu/abs/2011ApJ...738..138R},
  adsnote = {Provided by the SAO/NASA Astrophysics Data System}
}


@ARTICLE{2009ApJ...706L.138A,
   author = {{Abdo}, A.~A. and {Ackermann}, M. and {Ajello}, M. and {Asano}, K. and 
	{Atwood}, W.~B. and {Axelsson}, M. and {Baldini}, L. and {Ballet}, J. and 
	{Barbiellini}, G. and {Baring}, M.~G. and {Bastieri}, D. and 
	{Bechtol}, K. and {Bellazzini}, R. and {Berenji}, B. and {Bhat}, P.~N. and 
	{Bissaldi}, E. and {Blandford}, R.~D. and {Bloom}, E.~D. and 
	{Bonamente}, E. and {Borgland}, A.~W. and {Bouvier}, A. and 
	{Bregeon}, J. and {Brez}, A. and {Briggs}, M.~S. and {Brigida}, M. and 
	{Bruel}, P. and {Burgess}, J.~M. and {Burrows}, D.~N. and {Buson}, S. and 
	{Caliandro}, G.~A. and {Cameron}, R.~A. and {Caraveo}, P.~A. and 
	{Casandjian}, J.~M. and {Cecchi}, C. and {{\c C}elik}, {\"O}. and 
	{Chekhtman}, A. and {Cheung}, C.~C. and {Chiang}, J. and {Ciprini}, S. and 
	{Claus}, R. and {Cohen-Tanugi}, J. and {Cominsky}, L.~R. and 
	{Connaughton}, V. and {Conrad}, J. and {Cutini}, S. and {d'Elia}, V. and 
	{Dermer}, C.~D. and {de Angelis}, A. and {de Palma}, F. and 
	{Digel}, S.~W. and {Dingus}, B.~L. and {Silva}, E.~d.~C.~e. and 
	{Drell}, P.~S. and {Dubois}, R. and {Dumora}, D. and {Farnier}, C. and 
	{Favuzzi}, C. and {Fegan}, S.~J. and {Finke}, J. and {Fishman}, G. and 
	{Focke}, W.~B. and {Fortin}, P. and {Frailis}, M. and {Fukazawa}, Y. and 
	{Funk}, S. and {Fusco}, P. and {Gargano}, F. and {Gehrels}, N. and 
	{Germani}, S. and {Giavitto}, G. and {Giebels}, B. and {Giglietto}, N. and 
	{Giordano}, F. and {Glanzman}, T. and {Godfrey}, G. and {Goldstein}, A. and 
	{Granot}, J. and {Greiner}, J. and {Grenier}, I.~A. and {Grove}, J.~E. and 
	{Guillemot}, L. and {Guiriec}, S. and {Hanabata}, Y. and {Harding}, A.~K. and 
	{Hayashida}, M. and {Hays}, E. and {Horan}, D. and {Hughes}, R.~E. and 
	{Jackson}, M.~S. and {J{\'o}hannesson}, G. and {Johnson}, A.~S. and 
	{Johnson}, R.~P. and {Johnson}, W.~N. and {Kamae}, T. and {Katagiri}, H. and 
	{Kataoka}, J. and {Kawai}, N. and {Kerr}, M. and {Kippen}, R.~M. and 
	{Kn{\"o}dlseder}, J. and {Kocevski}, D. and {Komin}, N. and 
	{Kouveliotou}, C. and {Kuss}, M. and {Lande}, J. and {Latronico}, L. and 
	{Lemoine-Goumard}, M. and {Longo}, F. and {Loparco}, F. and 
	{Lott}, B. and {Lovellette}, M.~N. and {Lubrano}, P. and {Madejski}, G.~M. and 
	{Makeev}, A. and {Mazziotta}, M.~N. and {McBreen}, S. and {McEnery}, J.~E. and 
	{McGlynn}, S. and {Meegan}, C. and {M{\'e}sz{\'a}ros}, P. and 
	{Meurer}, C. and {Michelson}, P.~F. and {Mitthumsiri}, W. and 
	{Mizuno}, T. and {Moiseev}, A.~A. and {Monte}, C. and {Monzani}, M.~E. and 
	{Moretti}, E. and {Morselli}, A. and {Moskalenko}, I.~V. and 
	{Murgia}, S. and {Nakamori}, T. and {Nolan}, P.~L. and {Norris}, J.~P. and 
	{Nuss}, E. and {Ohno}, M. and {Ohsugi}, T. and {Omodei}, N. and 
	{Orlando}, E. and {Ormes}, J.~F. and {Paciesas}, W.~S. and {Paneque}, D. and 
	{Panetta}, J.~H. and {Pelassa}, V. and {Pepe}, M. and {Pesce-Rollins}, M. and 
	{Petrosian}, V. and {Piron}, F. and {Porter}, T.~A. and {Preece}, R. and 
	{Rain{\`o}}, S. and {Rando}, R. and {Rau}, A. and {Razzano}, M. and 
	{Razzaque}, S. and {Reimer}, A. and {Reimer}, O. and {Reposeur}, T. and 
	{Ritz}, S. and {Rochester}, L.~S. and {Rodriguez}, A.~Y. and 
	{Roming}, P.~W.~A. and {Roth}, M. and {Ryde}, F. and {Sadrozinski}, H.~F.-W. and 
	{Sanchez}, D. and {Sander}, A. and {Saz Parkinson}, P.~M. and 
	{Scargle}, J.~D. and {Schalk}, T.~L. and {Sgr{\`o}}, C. and 
	{Siskind}, E.~J. and {Smith}, P.~D. and {Spinelli}, P. and {Stamatikos}, M. and 
	{Stecker}, F.~W. and {Stratta}, G. and {Strickman}, M.~S. and 
	{Suson}, D.~J. and {Swenson}, C.~A. and {Tajima}, H. and {Takahashi}, H. and 
	{Tanaka}, T. and {Thayer}, J.~B. and {Thayer}, J.~G. and {Thompson}, D.~J. and 
	{Tibaldo}, L. and {Torres}, D.~F. and {Tosti}, G. and {Tramacere}, A. and 
	{Uchiyama}, Y. and {Uehara}, T. and {Usher}, T.~L. and {van der Horst}, A.~J. and 
	{Vasileiou}, V. and {Vilchez}, N. and {Vitale}, V. and {von Kienlin}, A. and 
	{Waite}, A.~P. and {Wang}, P. and {Wilson-Hodge}, C. and {Winer}, B.~L. and 
	{Wood}, K.~S. and {Yamazaki}, R. and {Ylinen}, T. and {Ziegler}, M.
	},
    title = "{Fermi Observations of GRB 090902B: A Distinct Spectral Component in the Prompt and Delayed Emission}",
  journal = {\apjl},
archivePrefix = "arXiv",
   eprint = {0909.2470},
 primaryClass = "astro-ph.HE",
 keywords = {gamma rays: bursts},
     year = 2009,
    month = nov,
   volume = 706,
    pages = {L138-L144},
      doi = {10.1088/0004-637X/706/1/L138},
   adsurl = {http://adsabs.harvard.edu/abs/2009ApJ...706L.138A},
  adsnote = {Provided by the SAO/NASA Astrophysics Data System}
}

@ARTICLE{2010ApJ...716.1178A,
   author = {{Ackermann}, M. and {Asano}, K. and {Atwood}, W.~B. and {Axelsson}, M. and 
	{Baldini}, L. and {Ballet}, J. and {Barbiellini}, G. and {Baring}, M.~G. and 
	{Bastieri}, D. and {Bechtol}, K. and {Bellazzini}, R. and {Berenji}, B. and 
	{Bhat}, P.~N. and {Bissaldi}, E. and {Blandford}, R.~D. and 
	{Bloom}, E.~D. and {Bonamente}, E. and {Borgland}, A.~W. and 
	{Bouvier}, A. and {Bregeon}, J. and {Brez}, A. and {Briggs}, M.~S. and 
	{Brigida}, M. and {Bruel}, P. and {Buson}, S. and {Caliandro}, G.~A. and 
	{Cameron}, R.~A. and {Caraveo}, P.~A. and {Carrigan}, S. and 
	{Casandjian}, J.~M. and {Cecchi}, C. and {{\c C}elik}, {\"O}. and 
	{Charles}, E. and {Chiang}, J. and {Ciprini}, S. and {Claus}, R. and 
	{Cohen-Tanugi}, J. and {Connaughton}, V. and {Conrad}, J. and 
	{Dermer}, C.~D. and {de Palma}, F. and {Dingus}, B.~L. and {Silva}, E.~d.~C.~e. and 
	{Drell}, P.~S. and {Dubois}, R. and {Dumora}, D. and {Farnier}, C. and 
	{Favuzzi}, C. and {Fegan}, S.~J. and {Finke}, J. and {Focke}, W.~B. and 
	{Frailis}, M. and {Fukazawa}, Y. and {Fusco}, P. and {Gargano}, F. and 
	{Gasparrini}, D. and {Gehrels}, N. and {Germani}, S. and {Giglietto}, N. and 
	{Giordano}, F. and {Glanzman}, T. and {Godfrey}, G. and {Granot}, J. and 
	{Grenier}, I.~A. and {Grondin}, M.-H. and {Grove}, J.~E. and 
	{Guiriec}, S. and {Hadasch}, D. and {Harding}, A.~K. and {Hays}, E. and 
	{Horan}, D. and {Hughes}, R.~E. and {J{\'o}hannesson}, G. and 
	{Johnson}, W.~N. and {Kamae}, T. and {Katagiri}, H. and {Kataoka}, J. and 
	{Kawai}, N. and {Kippen}, R.~M. and {Kn{\"o}dlseder}, J. and 
	{Kocevski}, D. and {Kouveliotou}, C. and {Kuss}, M. and {Lande}, J. and 
	{Latronico}, L. and {Lemoine-Goumard}, M. and {Llena Garde}, M. and 
	{Longo}, F. and {Loparco}, F. and {Lott}, B. and {Lovellette}, M.~N. and 
	{Lubrano}, P. and {Makeev}, A. and {Mazziotta}, M.~N. and {McEnery}, J.~E. and 
	{McGlynn}, S. and {Meegan}, C. and {M{\'e}sz{\'a}ros}, P. and 
	{Michelson}, P.~F. and {Mitthumsiri}, W. and {Mizuno}, T. and 
	{Moiseev}, A.~A. and {Monte}, C. and {Monzani}, M.~E. and {Moretti}, E. and 
	{Morselli}, A. and {Moskalenko}, I.~V. and {Murgia}, S. and 
	{Nakajima}, H. and {Nakamori}, T. and {Nolan}, P.~L. and {Norris}, J.~P. and 
	{Nuss}, E. and {Ohno}, M. and {Ohsugi}, T. and {Omodei}, N. and 
	{Orlando}, E. and {Ormes}, J.~F. and {Ozaki}, M. and {Paciesas}, W.~S. and 
	{Paneque}, D. and {Panetta}, J.~H. and {Parent}, D. and {Pelassa}, V. and 
	{Pepe}, M. and {Pesce-Rollins}, M. and {Piron}, F. and {Preece}, R. and 
	{Rain{\`o}}, S. and {Rando}, R. and {Razzano}, M. and {Razzaque}, S. and 
	{Reimer}, A. and {Ritz}, S. and {Rodriguez}, A.~Y. and {Roth}, M. and 
	{Ryde}, F. and {Sadrozinski}, H.~F.-W. and {Sander}, A. and 
	{Scargle}, J.~D. and {Schalk}, T.~L. and {Sgr{\`o}}, C. and 
	{Siskind}, E.~J. and {Smith}, P.~D. and {Spandre}, G. and {Spinelli}, P. and 
	{Stamatikos}, M. and {Stecker}, F.~W. and {Strickman}, M.~S. and 
	{Suson}, D.~J. and {Tajima}, H. and {Takahashi}, H. and {Takahashi}, T. and 
	{Tanaka}, T. and {Thayer}, J.~B. and {Thayer}, J.~G. and {Thompson}, D.~J. and 
	{Tibaldo}, L. and {Toma}, K. and {Torres}, D.~F. and {Tosti}, G. and 
	{Tramacere}, A. and {Uchiyama}, Y. and {Uehara}, T. and {Usher}, T.~L. and 
	{van der Horst}, A.~J. and {Vasileiou}, V. and {Vilchez}, N. and 
	{Vitale}, V. and {von Kienlin}, A. and {Waite}, A.~P. and {Wang}, P. and 
	{Wilson-Hodge}, C. and {Winer}, B.~L. and {Wu}, X.~F. and {Yamazaki}, R. and 
	{Yang}, Z. and {Ylinen}, T. and {Ziegler}, M.},
    title = "{Fermi Observations of GRB 090510: A Short-Hard Gamma-ray Burst with an Additional, Hard Power-law Component from 10 keV TO GeV Energies}",
  journal = {\apj},
archivePrefix = "arXiv",
   eprint = {1005.2141},
 primaryClass = "astro-ph.HE",
 keywords = {gamma-ray burst: individual: GRB 090510, radiation mechanisms: non-thermal},
     year = 2010,
    month = jun,
   volume = 716,
    pages = {1178-1190},
      doi = {10.1088/0004-637X/716/2/1178},
   adsurl = {http://adsabs.harvard.edu/abs/2010ApJ...716.1178A},
  adsnote = {Provided by the SAO/NASA Astrophysics Data System}
}


@ARTICLE{1998ApJ...503..325A,
   author = {{Alard}, C. and {Lupton}, R.~H.},
    title = "{A Method for Optimal Image Subtraction}",
  journal = {\apj},
   eprint = {astro-ph/9712287},
 keywords = {METHODS: DATA ANALYSIS, METHODS: STATISTICAL, TECHNIQUES: IMAGE PROCESSING, Methods: Data Analysis, Methods: Statistical, Techniques: Image Processing},
     year = 1998,
    month = aug,
   volume = 503,
    pages = {325-331},
      doi = {10.1086/305984},
   adsurl = {http://adsabs.harvard.edu/abs/1998ApJ...503..325A},
  adsnote = {Provided by the SAO/NASA Astrophysics Data System}
}


@ARTICLE{2008MNRAS.386L..77B,
   author = {{Bramich}, D.~M.},
    title = "{A new algorithm for difference image analysis}",
  journal = {\mnras},
archivePrefix = "arXiv",
   eprint = {0802.1273},
 keywords = {methods: statistical, techniques: image processing, techniques: photometric},
     year = 2008,
    month = may,
   volume = 386,
    pages = {L77-L81},
      doi = {10.1111/j.1745-3933.2008.00464.x},
   adsurl = {http://adsabs.harvard.edu/abs/2008MNRAS.386L..77B},
  adsnote = {Provided by the SAO/NASA Astrophysics Data System}
}

% Reference for LIGO itself âââââ
@ARTICLE{1992Sci...256..325A,
   author = {{Abramovici}, A. and {Althouse}, W.~E. and {Drever}, R.~W.~P. and 
	{Gursel}, Y. and {Kawamura}, S. and {Raab}, F.~J. and {Shoemaker}, D. and 
	{Sievers}, L. and {Spero}, R.~E. and {Thorne}, K.~S.},
    title = "{LIGO - The Laser Interferometer Gravitational-Wave Observatory}",
  journal = {Science},
 keywords = {Gravitational Waves, Laser Interferometry, Astronomical Observatories, Interferometers},
     year = 1992,
    month = apr,
   volume = 256,
    pages = {325-333},
      doi = {10.1126/science.256.5055.325},
   adsurl = {http://adsabs.harvard.edu/abs/1992Sci...256..325A},
  adsnote = {Provided by the SAO/NASA Astrophysics Data System}
}

% Kilonova
@ARTICLE{2013ApJ...774L..23B,
   author = {{Berger}, E. and {Fong}, W. and {Chornock}, R.},
    title = "{An r-process Kilonova Associated with the Short-hard GRB 130603B}",
  journal = {\apjl},
archivePrefix = "arXiv",
   eprint = {1306.3960},
 primaryClass = "astro-ph.HE",
 keywords = {gamma-ray burst: general, gamma-ray burst: individual: 130603B},
     year = 2013,
    month = sep,
   volume = 774,
      eid = {L23},
    pages = {L23},
      doi = {10.1088/2041-8205/774/2/L23},
   adsurl = {http://adsabs.harvard.edu/abs/2013ApJ...774L..23B},
  adsnote = {Provided by the SAO/NASA Astrophysics Data System}
}

% CSTAR
@ARTICLE{2013AJ....146..139W,
   author = {{Wang}, L. and {Macri}, L.~M. and {Wang}, L. and {Ashley}, M.~C.~B. and 
	{Cui}, X. and {Feng}, L.-L. and {Gong}, X. and {Lawrence}, J.~S. and 
	{Liu}, Q. and {Luong-Van}, D. and {Pennypacker}, C.~R. and {Shang}, Z. and 
	{Storey}, J.~W.~V. and {Yang}, H. and {Yang}, J. and {Yuan}, X. and 
	{York}, D.~G. and {Zhou}, X. and {Zhu}, Z. and {Zhu}, Z.},
    title = "{Photometry of Variable Stars from Dome A, Antarctica: Results from the 2010 Observing Season}",
  journal = {\aj},
archivePrefix = "arXiv",
   eprint = {1309.3325},
 primaryClass = "astro-ph.SR",
 keywords = {site testing, stars: variables: general },
     year = 2013,
    month = dec,
   volume = 146,
      eid = {139},
    pages = {139},
      doi = {10.1088/0004-6256/146/6/139},
   adsurl = {http://adsabs.harvard.edu/abs/2013AJ....146..139W},
  adsnote = {Provided by the SAO/NASA Astrophysics Data System}
}

% Fermi reference
@ARTICLE{2009ApJ...697.1071A,
   author = {{Atwood}, W.~B. and {Abdo}, A.~A. and {Ackermann}, M. and {Althouse}, W. and 
	{Anderson}, B. and {Axelsson}, M. and {Baldini}, L. and {Ballet}, J. and 
	{Band}, D.~L. and {Barbiellini}, G. and et al.},
    title = "{The Large Area Telescope on the Fermi Gamma-Ray Space Telescope Mission}",
  journal = {\apj},
archivePrefix = "arXiv",
   eprint = {0902.1089},
 primaryClass = "astro-ph.IM",
 keywords = {cosmic rays, galaxies: active, Galaxy: general, gamma rays: observations, Sun: X-rays, gamma rays, telescopes},
     year = 2009,
    month = jun,
   volume = 697,
    pages = {1071-1102},
      doi = {10.1088/0004-637X/697/2/1071},
   adsurl = {http://adsabs.harvard.edu/abs/2009ApJ...697.1071A},
  adsnote = {Provided by the SAO/NASA Astrophysics Data System}
}

% GRB 090510
@ARTICLE{2010ApJ...709L.146D,
   author = {{De Pasquale}, M. and {Schady}, P. and {Kuin}, N.~P.~M. and 
	{Page}, M.~J. and {Curran}, P.~A. and {Zane}, S. and {Oates}, S.~R. and 
	{Holland}, S.~T. and {Breeveld}, A.~A. and {Hoversten}, E.~A. and 
	{Chincarini}, G. and {Grupe}, D. and {Abdo}, A.~A. and {Ackermann}, M. and 
	{Ajello}, M. and {Axelsson}, M. and {Baldini}, L. and {Ballet}, J. and 
	{Barbiellini}, G. and {Baring}, M.~G. and {Bastieri}, D. and 
	{Bechtol}, K. and {Bellazzini}, R. and {Berenji}, B. and {Bissaldi}, E. and 
	{Blandford}, R.~D. and {Bloom}, E.~D. and {Bonamente}, E. and 
	{Borgland}, A.~W. and {Bouvier}, A. and {Bregeon}, J. and {Brez}, A. and 
	{Briggs}, M.~S. and {Brigida}, M. and {Bruel}, P. and {Burnett}, T.~H. and 
	{Buson}, S. and {Caliandro}, G.~A. and {Cameron}, R.~A. and 
	{Caraveo}, P.~A. and {Carrigan}, S. and {Casandjian}, J.~M. and 
	{Cecchi}, C. and {{\c C}elik}, {\"O}. and {Chekhtman}, A. and 
	{Chiang}, J. and {Ciprini}, S. and {Claus}, R. and {Cohen-Tanugi}, J. and 
	{Connaughton}, V. and {Conrad}, J. and {Dermer}, C.~D. and {de Angelis}, A. and 
	{de Palma}, F. and {Dingus}, B.~L. and {Silva}, E.~d.~C.~e. and 
	{Drell}, P.~S. and {Dubois}, R. and {Dumora}, D. and {Farnier}, C. and 
	{Favuzzi}, C. and {Fegan}, S.~J. and {Fishman}, G. and {Focke}, W.~B. and 
	{Frailis}, M. and {Fukazawa}, Y. and {Funk}, S. and {Fusco}, P. and 
	{Gargano}, F. and {Gasparrini}, D. and {Gehrels}, N. and {Germani}, S. and 
	{Giglietto}, N. and {Giordano}, F. and {Glanzman}, T. and {Godfrey}, G. and 
	{Granot}, J. and {Greiner}, J. and {Grenier}, I.~A. and {Grove}, J.~E. and 
	{Guillemot}, L. and {Guiriec}, S. and {Harding}, A.~K. and {Hayashida}, M. and 
	{Hays}, E. and {Horan}, D. and {Hughes}, R.~E. and {Jackson}, M.~S. and 
	{J{\'o}hannesson}, G. and {Johnson}, A.~S. and {Johnson}, W.~N. and 
	{Kamae}, T. and {Katagiri}, H. and {Kataoka}, J. and {Kawai}, N. and 
	{Kerr}, M. and {Kippen}, R.~M. and {Kn{\"o}dlseder}, J. and 
	{Kocevski}, D. and {Kuss}, M. and {Lande}, J. and {Latronico}, L. and 
	{Lemoine-Goumard}, M. and {Longo}, F. and {Loparco}, F. and 
	{Lott}, B. and {Lovellette}, M.~N. and {Lubrano}, P. and {Makeev}, A. and 
	{Mazziotta}, M.~N. and {McEnery}, J.~E. and {McGlynn}, S. and 
	{Meegan}, C. and {M{\'e}sz{\'a}ros}, P. and {Meurer}, C. and 
	{Michelson}, P.~F. and {Mitthumsiri}, W. and {Mizuno}, T. and 
	{Monte}, C. and {Monzani}, M.~E. and {Moretti}, E. and {Morselli}, A. and 
	{Moskalenko}, I.~V. and {Murgia}, S. and {Nolan}, P.~L. and 
	{Norris}, J.~P. and {Nuss}, E. and {Ohno}, M. and {Ohsugi}, T. and 
	{Omodei}, N. and {Orlando}, E. and {Ormes}, J.~F. and {Paciesas}, W.~S. and 
	{Paneque}, D. and {Panetta}, J.~H. and {Parent}, D. and {Pelassa}, V. and 
	{Pepe}, M. and {Pesce-Rollins}, M. and {Piron}, F. and {Porter}, T.~A. and 
	{Preece}, R. and {Rain{\`o}}, S. and {Rando}, R. and {Razzano}, M. and 
	{Reimer}, A. and {Reimer}, O. and {Reposeur}, T. and {Ritz}, S. and 
	{Rochester}, L.~S. and {Rodriguez}, A.~Y. and {Roth}, M. and 
	{Ryde}, F. and {Sadrozinski}, H.~F.-W. and {Sander}, A. and 
	{Saz Parkinson}, P.~M. and {Scargle}, J.~D. and {Schalk}, T.~L. and 
	{Sgr{\`o}}, C. and {Siskind}, E.~J. and {Smith}, P.~D. and {Spandre}, G. and 
	{Spinelli}, P. and {Stamatikos}, M. and {Starck}, J.-L. and 
	{Stecker}, F.~W. and {Strickman}, M.~S. and {Suson}, D.~J. and 
	{Tajima}, H. and {Takahashi}, H. and {Tanaka}, T. and {Thayer}, J.~B. and 
	{Thayer}, J.~G. and {Thompson}, D.~J. and {Tibaldo}, L. and 
	{Toma}, K. and {Torres}, D.~F. and {Tosti}, G. and {Tramacere}, A. and 
	{Uchiyama}, Y. and {Uehara}, T. and {Usher}, T.~L. and {van der Horst}, A.~J. and 
	{Vasileiou}, V. and {Vilchez}, N. and {Vitale}, V. and {von Kienlin}, A. and 
	{Waite}, A.~P. and {Wang}, P. and {Winer}, B.~L. and {Wood}, K.~S. and 
	{Wu}, X.~F. and {Yamazaki}, R. and {Ylinen}, T. and {Ziegler}, M.
	},
    title = "{Swift and Fermi Observations of the Early Afterglow of the Short Gamma-Ray Burst 090510}",
  journal = {\apjl},
archivePrefix = "arXiv",
   eprint = {0910.1629},
 primaryClass = "astro-ph.HE",
 keywords = {gamma-ray burst: individual: GRB090510, relativistic processes, shock waves},
     year = 2010,
    month = feb,
   volume = 709,
    pages = {L146-L151},
      doi = {10.1088/2041-8205/709/2/L146},
   adsurl = {http://adsabs.harvard.edu/abs/2010ApJ...709L.146D},
  adsnote = {Provided by the SAO/NASA Astrophysics Data System}
}

@ARTICLE{1993ApJ...413..281B,
   author = {{Band}, D. and {Matteson}, J. and {Ford}, L. and {Schaefer}, B. and 
	{Palmer}, D. and {Teegarden}, B. and {Cline}, T. and {Briggs}, M. and 
	{Paciesas}, W. and {Pendleton}, G. and {Fishman}, G. and {Kouveliotou}, C. and 
	{Meegan}, C. and {Wilson}, R. and {Lestrade}, P.},
    title = "{BATSE observations of gamma-ray burst spectra. I - Spectral diversity}",
  journal = {\apj},
 keywords = {Galactic Halos, Gamma Ray Bursts, Gamma Ray Spectra, Statistical Analysis, Radiation Distribution, Transient Response},
     year = 1993,
    month = aug,
   volume = 413,
    pages = {281-292},
      doi = {10.1086/172995},
   adsurl = {http://adsabs.harvard.edu/abs/1993ApJ...413..281B},
  adsnote = {Provided by the SAO/NASA Astrophysics Data System}
}

@ARTICLE{2011ApJ...732...29C,
   author = {{Cenko}, S.~B. and {Frail}, D.~A. and {Harrison}, F.~A. and 
	{Haislip}, J.~B. and {Reichart}, D.~E. and {Butler}, N.~R. and 
	{Cobb}, B.~E. and {Cucchiara}, A. and {Berger}, E. and {Bloom}, J.~S. and 
	{Chandra}, P. and {Fox}, D.~B. and {Perley}, D.~A. and {Prochaska}, J.~X. and 
	{Filippenko}, A.~V. and {Glazebrook}, K. and {Ivarsen}, K.~M. and 
	{Kasliwal}, M.~M. and {Kulkarni}, S.~R. and {LaCluyze}, A.~P. and 
	{Lopez}, S. and {Morgan}, A.~N. and {Pettini}, M. and {Rana}, V.~R.
	},
    title = "{Afterglow Observations of Fermi Large Area Telescope Gamma-ray Bursts and the Emerging Class of Hyper-energetic Events}",
  journal = {\apj},
archivePrefix = "arXiv",
   eprint = {1004.2900},
 primaryClass = "astro-ph.HE",
 keywords = {cosmology: observations, gamma-ray burst: general, radio continuum: general},
     year = 2011,
    month = may,
   volume = 732,
      eid = {29},
    pages = {29},
      doi = {10.1088/0004-637X/732/1/29},
   adsurl = {http://adsabs.harvard.edu/abs/2011ApJ...732...29C},
  adsnote = {Provided by the SAO/NASA Astrophysics Data System}
}

@ARTICLE{2014ApJ...781...37P,
   author = {{Perley}, D.~A. and {Cenko}, S.~B. and {Corsi}, A. and {Tanvir}, N.~R. and 
	{Levan}, A.~J. and {Kann}, D.~A. and {Sonbas}, E. and {Wiersema}, K. and 
	{Zheng}, W. and {Zhao}, X.-H. and {Bai}, J.-M. and {Bremer}, M. and 
	{Castro-Tirado}, A.~J. and {Chang}, L. and {Clubb}, K.~I. and 
	{Frail}, D. and {Fruchter}, A. and {G{\"o}{\u g}{\"u}{\c s}}, E. and 
	{Greiner}, J. and {G{\"u}ver}, T. and {Horesh}, A. and {Filippenko}, A.~V. and 
	{Klose}, S. and {Mao}, J. and {Morgan}, A.~N. and {Pozanenko}, A.~S. and 
	{Schmidl}, S. and {Stecklum}, B. and {Tanga}, M. and {Volnova}, A.~A. and 
	{Volvach}, A.~E. and {Wang}, J.-G. and {Winters}, J.-M. and 
	{Xin}, Y.-X.},
    title = "{The Afterglow of GRB 130427A from 1 to 10$^{16}$ GHz}",
  journal = {\apj},
archivePrefix = "arXiv",
   eprint = {1307.4401},
 primaryClass = "astro-ph.HE",
 keywords = {gamma-ray burst: individual: GRB 130427A, radiation mechanisms: non-thermal },
     year = 2014,
    month = jan,
   volume = 781,
      eid = {37},
    pages = {37},
      doi = {10.1088/0004-637X/781/1/37},
   adsurl = {http://adsabs.harvard.edu/abs/2014ApJ...781...37P},
  adsnote = {Provided by the SAO/NASA Astrophysics Data System}
}

@ARTICLE{2008ApJ...689.1150A,
   author = {{Ando}, S. and {Nakar}, E. and {Sari}, R.},
    title = "{GeV Emission from Prompt and Afterglow Phases of Gamma-Ray Bursts}",
  journal = {\apj},
archivePrefix = "arXiv",
   eprint = {0807.0012},
 keywords = {Gamma Rays: Bursts, Radiation Mechanisms: Nonthermal},
     year = 2008,
    month = dec,
   volume = 689,
    pages = {1150-1160},
      doi = {10.1086/592486},
   adsurl = {http://adsabs.harvard.edu/abs/2008ApJ...689.1150A},
  adsnote = {Provided by the SAO/NASA Astrophysics Data System}
}

@ARTICLE{2009MNRAS.393.1107P,
   author = {{Piran}, T. and {Sari}, R. and {Zou}, Y.-C.},
    title = "{Observational limits on inverse Compton processes in gamma-ray bursts}",
  journal = {\mnras},
archivePrefix = "arXiv",
   eprint = {0807.3954},
 keywords = {radiation mechanisms: non-thermal , ISM: jets and outflows , gamma-rays: bursts},
     year = 2009,
    month = mar,
   volume = 393,
    pages = {1107-1113},
      doi = {10.1111/j.1365-2966.2008.14198.x},
   adsurl = {http://adsabs.harvard.edu/abs/2009MNRAS.393.1107P},
  adsnote = {Provided by the SAO/NASA Astrophysics Data System}
}

%% Papers on alignment %%

@ARTICLE{1995PASP..107.1119V,
   author = {{Valdes}, F.~G. and {Campusano}, L.~E. and {Velasquez}, J.~D. and 
	{Stetson}, P.~B.},
    title = "{FOCAS Automatic Catalog Matching Algorithms}",
  journal = {\pasp},
 keywords = {METHODS: ANALYTICAL, CATALOGS},
     year = 1995,
    month = nov,
   volume = 107,
    pages = {1119},
      doi = {10.1086/133667},
   adsurl = {http://adsabs.harvard.edu/abs/1995PASP..107.1119V},
  adsnote = {Provided by the SAO/NASA Astrophysics Data System}
}

@ARTICLE{1986AJ.....91.1244G,
   author = {{Groth}, E.~J.},
    title = "{A pattern-matching algorithm for two-dimensional coordinate lists}",
  journal = {\aj},
 keywords = {Astrometry, Astronomical Coordinates, Position (Location), Star Distribution, Algorithms, Astronomical Photography, Histograms, Matching, Triangles},
     year = 1986,
    month = may,
   volume = 91,
    pages = {1244-1248},
      doi = {10.1086/114099},
   adsurl = {http://adsabs.harvard.edu/abs/1986AJ.....91.1244G},
  adsnote = {Provided by the SAO/NASA Astrophysics Data System}
}

@ARTICLE{2010AJ....139.1782L,
   author = {{Lang}, D. and {Hogg}, D.~W. and {Mierle}, K. and {Blanton}, M. and 
	{Roweis}, S.},
    title = "{Astrometry.net: Blind Astrometric Calibration of Arbitrary Astronomical Images}",
  journal = {\aj},
archivePrefix = "arXiv",
   eprint = {0910.2233},
 primaryClass = "astro-ph.IM",
 keywords = {astrometry, catalogs, instrumentation: miscellaneous, methods: data analysis, methods: statistical, techniques: image processing},
     year = 2010,
    month = may,
   volume = 139,
    pages = {1782-1800},
      doi = {10.1088/0004-6256/139/5/1782},
   adsurl = {http://adsabs.harvard.edu/abs/2010AJ....139.1782L},
  adsnote = {Provided by the SAO/NASA Astrophysics Data System}
}

@INPROCEEDINGS{2008ASPC..394...27H,
   author = {{Hogg}, D.~W. and {Blanton}, M. and {Lang}, D. and {Mierle}, K. and 
	{Roweis}, S.},
    title = "{Automated Astrometry (Invited)}",
booktitle = {Astronomical Data Analysis Software and Systems XVII},
     year = 2008,
   series = {Astronomical Society of the Pacific Conference Series},
   volume = 394,
   editor = {{Argyle}, R.~W. and {Bunclark}, P.~S. and {Lewis}, J.~R.},
    month = aug,
    pages = {27},
   adsurl = {http://adsabs.harvard.edu/abs/2008ASPC..394...27H},
  adsnote = {Provided by the SAO/NASA Astrophysics Data System}
}
